@article{usbmalware,
	author = {Singh, Debabrata and Biswal, Anil Kumar and Samanta, Debabrata and Lee, Heung-No and Islam, Hafizul and Karuppiah, Marimuthu and Chen, Chien-Ming},
	year = {2022},
	month = {01},
	pages = {},
	title = {Juice Jacking: Security Issues and Improvements in USB Technology},
	volume = {14},
	journal = {Sustainability},
	doi = {10.3390/su14020939}
}

@misc{notifications,
	title="Notification Chains in Linux Kernel [Электронный ресурс]",
	howpublished="Режим доступа: \url{https://0xax.gitbooks.io/linux-insides/content/Concepts/linux-cpu-4.html} (дата обращения: 15.02.2022)"
}

@misc{notifier_block,
	title="notifier.h - include/linux/notifier.h - Linux source code (v5.13) - Bootlin [Электронный ресурс]",
	howpublished="Режим доступа: \url{https://elixir.bootlin.com/linux/v5.13/source/include/linux/notifier.h#L54} (дата обращения: 15.02.2022)"
}

@misc{usb_device,
	title="usb.h - include/linux/usb.h - Linux source code (v5.13) - Bootlin [Электронный ресурс]",
	howpublished="Режим доступа: \url{https://elixir.bootlin.com/linux/v5.13/source/include/linux/usb.h#L632} (дата обращения: 15.02.2022)"
}

@misc{usb_device,
	title="mod_devicetable.h - include/linux/mod_devicetable.h - Linux source code (v5.13) - Bootlin [Электронный ресурс]",
	howpublished="Режим доступа: \url{https://elixir.bootlin.com/linux/v5.13/source/include/linux/mod_devicetable.h#L121} (дата обращения: 15.02.2022)"
}

@misc{usb_spec,
	title="Document Library | USB-IF [Электронный ресурс]",
	howpublished="Режим доступа: \url{https://www.usb.org/documents?search=&type%5B0%5D=55&items_per_page=50} (дата обращения: 15.02.2022)"
}

@misc{umhelper,
	title="Invoking user-space applications from the kernel – IBM Developer [Электронный ресурс]",
	howpublished="Режим доступа: \url{https://developer.ibm.com/articles/l-user-space-apps/} (дата обращения: 15.02.2022)"
}

@misc{umh,
	title="umh.h - include/linux/umh.h - Linux source code (v5.13) - Bootlin [Электронный ресурс]",
	howpublished="Режим доступа: \url{https://elixir.bootlin.com/linux/v5.13/source/include/linux/umh.h#L42} (дата обращения: 15.02.2022)"
}

@misc{c-language,
	title="C99 standard note [Электронный ресурс]",
	howpublished="Режим доступа: \url{http://www.open-std.org/jtc1/sc22/wg14/www/docs/n1256.pdf} (дата обращения: 15.02.2022)"
}

@misc{gcc,
	title="GCC, the GNU Compiler Collection [Электронный ресурс]",
	howpublished="Режим доступа: \url{https://gcc.gnu.org/} (дата обращения: 15.02.2022)"
}